% This file was created with JabRef 2.6.
% Encoding: Cp1252

@BOOK{bentley:1999,
  title = {{P}rogramming {P}earls},
  publisher = {Addison--Wesley},
  year = {1999},
  author = {Jon Bentley},
  address = {Boston, MA, USA},
  edition = {2nd}
}

@BOOK{bringhurst:2002,
  title = {{T}he {E}lements of {T}ypographic {S}tyle},
  publisher = {Hartley \& Marks Publishers},
  year = {2008},
  author = {Robert Bringhurst},
  series = {Version 3.2},
  address = {Point Roberts, WA, USA}
}

@BOOK{cormen:2001,
  title = {{I}ntroduction to {A}lgorithms},
  publisher = {The MIT Press},
  year = {2001},
  author = {Cormen, Thomas H. and Leiserson, Charles E. and Rivest, Ronald L.
	and Clifford Stein},
  address = {Cambridge, MA, USA},
  edition = {2nd}
}

@BOOK{dueck:trio,
  title = {{D}ueck's {T}rilogie: {O}mnisophie -- {S}upramanie -- {T}opothesie},
  publisher = {Springer, Berlin},
  year = {2005},
  author = {Gunter Dueck},
  note = {\url{http://www.omnisophie.com}}
}

@ARTICLE{knuth:1976,
  author = {Knuth, Donald E.},
  title = {{B}ig {O}micron and {B}ig {O}mega and {B}ig {T}heta},
  journal = {SIGACT News},
  year = {1976},
  volume = {8},
  pages = {18--24},
  number = {2},
  month = {April/June},
  address = {New York, NY, USA},
  publisher = {ACM Press}
}

@ARTICLE{knuth:1974,
  author = {Knuth, Donald E.},
  title = {{C}omputer {P}rogramming as an {A}rt},
  journal = {Communications of the ACM},
  year = {1974},
  volume = {17},
  pages = {667--673},
  number = {12},
  month = {December },
  address = {New York, NY, USA},
  publisher = {ACM Press}
}

@BOOK{sommerville:1992,
  title = {{S}oftware {E}ngineering},
  publisher = {Addison-Wesley},
  year = {1992},
  author = {Ian Sommerville},
  address = {Boston, MA, USA},
  edition = {4th}
}

@ARTICLE{shapiro:1976,
  author = {Shapiro, Louis W.},
  title = {{A} {C}atalan triangle},
  journal = {Discrete Mathematics},
  year = {1976},
  volume = {14},
  pages = {83--90},
  number = {1},
  publisher = {Elsevier}
}

@ARTICLE{rogers:1977,
  author = {Rogers, D. G.},
  title = {{P}ascal triangles, {C}atalan numbers and \emph{{R}enewal arrays}},
  journal = {Discrete Mathematics},
  year = {1977},
  volume = {22},
  pages = {301--310},
  number = {3},
  publisher = {Elsevier}
}

@BOOK{riordan:intro:combinatorial:analysis,
  title = {{A}n {I}ntroduction to {C}ombinatorial {A}nalysis},
  publisher = {John Wiley \& Sons},
  year = {1958},
  author = {John Riordan},
  address = {New York}
}

@ARTICLE{eplett:1979,
  author = {Eplett, W.J.R.},
  title = {{A} note about the {C}atalan triangle},
  journal = {Discrete Mathematics},
  year = {1979},
  volume = {25},
  pages = {289--291},
  number = {3},
  publisher = {Elsevier}
}

@BOOK{feller:intro:combinatorial:analysis,
  title = {{A}n {I}ntroduction to {P}robability {T}heory and {I}ts {A}pplications},
  publisher = {John Wiley \& Sons},
  year = {1968},
  author = {William Feller},
  address = {New York}
}

@ARTICLE{shapiro:1991,
  author = { Shapiro, Louis W. and Getu,Seyoum and Woan,Wen-Jin and Woodson,Leon C. },
  title = {{T}he {R}iordan group},
  journal = {Discrete Applied Mathematics},
  year = {1991},
  volume = {34},
  pages = {229--239},
  publisher = {Elsevier}
}

@ARTICLE{sprugnoli:1991,
  author = {Sprugnoli, Renzo},
  title = {{R}iordan arrays and combinatorial sums},
  journal = {Discrete Mathematics},
  year = {1994},
  volume = {132},
  pages = {267--290},
  publisher = {Elsevier}
}

@ARTICLE{he:sprugnoli:2009,
  author = {He, Tian-Xiao and Sprugnoli, Renzo},
  title = {{S}equence characterization of {R}iordan arrays},
  journal = {Discrete Mathematics},
  year = {2009},
  volume = {309},
  pages = {3962--3974},
  publisher = {Elsevier}
}

@ARTICLE{merlini:some:alternative:characterizations:1997,
  author = {Merlini, Donatella and Rogers, D.G. and Sprugnoli, Renzo and Verri, Maria Cecilia},
  title = {{O}n some alternative characterization of {R}iordan arrays},
  journal = {Canadian Journal of Mathematics},
  year = {1997},
  volume = {49},
  pages = {301--320},
  publisher = {Elsevier}
}

@manual{sage,
  Key          = {Sage},
  Author       = {W.\thinspace{}A. Stein and others},
  Organization = {The Sage Development Team},
  Title        = {{S}age {M}athematics {S}oftware ({V}ersion 6.6)},
  note         = {{\tt http://www.sagemath.org}},
  Year         = {2015},
}

@ARTICLE{kay:on:messaging,
  author = {Kay, Alan},
  title = {{R}e: prototypes vs classes was: {R}e: {S}un's {H}ot{S}pot},
  journal = {\url{squeak@cs.uiuc.edu}},
  year = {1998},
  note = {\url{http://lists.squeakfoundation.org/pipermail/squeak-dev/1998-October/017019.html}},
}

@BOOK{friedman:felleisen:few:java:few:patterns,
  title = {{A} few {J}ava, a few patterns},
  publisher = {The MIT Press},
  year = {2001},
  author = {Friedman, Daniel and Felleisen, Matthias},
  edition = {1st}
}

@ARTICLE{nocentini:git:repository,
  author = {Nocentini, Massimo},
  year = {2015},
  note = {\url{https://github.com/massimo-nocentini/master-thesis.git}},
}

@BOOK{Goldberg:1983:SLI:273,
 author = {Goldberg, Adele and Robson, David},
 title = {Smalltalk-80: The Language and Its Implementation},
 year = {1983},
 publisher = {Addison-Wesley Longman Publishing Co., Inc.},
 address = {Boston, MA, USA},
} 

@BOOK{Gamma:1995:DPE:186897,
 author = {Gamma, Erich and Helm, Richard and Johnson, Ralph and Vlissides, John},
 title = {Design Patterns: Elements of Reusable Object-oriented Software},
 year = {1995},
 publisher = {Addison-Wesley Longman Publishing Co., Inc.},
 address = {Boston, MA, USA},
} 

@BOOK{lucas:theorie:des:nombres,
 author = {Lucas, Edouard},
 title = {{T}heorie des {N}ombres},
 year = {1891},
 publisher = {Gauthier-Villars et Fils.},
 address = {Paris, France},
} 

@ARTICLE{fine:1947,
  author = {Fine, N. J.},
  title = {{B}inomial {C}oefficients {M}odulo a {P}rime},
  journal = {The American Mathematical Monthly},
  year = {1947},
  volume = {54},
  pages = {589--592},
  number = {10},
  address = {New York, NY, USA},
  publisher = {Mathematical Association of America}
}

@ARTICLE{sved:1988,
  author = {Sved, Marta},
  title = {{D}ivisibility-- with {V}isibility},
  journal = {The Mathematical Intelligencer},
  year = {1988},
  volume = {10},
  pages = {56--64},
  number = {2},
}

@ARTICLE{wolfram:1984,
  author = {Wolfram, Stephen},
  title = {{G}eometry of {B}inomial {C}oefficients},
  journal = {The American Mathematical Monthly},
  year = {1984},
  volume = {9},
  pages = {566--571},
  number = {91},
}

@ARTICLE{broomhead:1972,
  author = {Broomhead, Antony},
  title = {{P}ascal (mod $p$)},
  journal = {The Mathematical Gazette},
  year = {1972},
  volume = {56},
  pages = {267--271},
  number = {398},
}

@ARTICLE{mclean:1974,
  author = {McLean, K. R.},
  title = {{D}ivisibility {P}roperties of {B}inomial {C}oefficients},
  journal = {The Mathematical Gazette},
  year = {1974},
  volume = {58},
  pages = {17--24},
  number = {403},
}
